<?xml version="1.0" encoding="UTF-8"?><collection xmlns="http://www.loc.gov/MARC21/slim"><record><leader>00503nam--2200169-u-4500</leader><controlfield tag="001">000056817</controlfield><controlfield tag="002">20191024</controlfield><controlfield tag="005">20191024061844</controlfield><controlfield tag="008">191024s1000------------r-----000-0-eng-d</controlfield><datafield ind1=" " ind2=" " tag="041"><subfield code="a">eng</subfield></datafield><datafield ind1="1" ind2=" " tag="100"><subfield code="a">Van de Sande, Marcus Johannes</subfield></datafield><datafield ind1="1" ind2="0" tag="245"><subfield code="a">Laser scattering on low temperature plasmas</subfield><subfield code="c">Marcus Johannes van de Sande</subfield></datafield><datafield ind1=" " ind2=" " tag="260"><subfield code="a">Eindhoven</subfield><subfield code="b">Technische Universiteit Eindhoven</subfield><subfield code="c">2002</subfield></datafield><datafield ind1=" " ind2=" " tag="300"><subfield code="a">vi 178 p</subfield></datafield><datafield ind1=" " ind2=" " tag="500"><subfield code="a">donatie Gheorghe Dinescu</subfield></datafield><datafield ind1=" " ind2=" " tag="852"><subfield code="a">82767</subfield><subfield code="c">535</subfield></datafield><datafield ind1=" " ind2=" " tag="CAT"><subfield code="a">SYS</subfield><subfield code="c">20191024</subfield><subfield code="h">061844</subfield></datafield></record></collection>